
@techreport{rfc3530,
        Author = {S. Shepler and B. Callaghan and D. Robinson and R. Thurlow and C. Beame and M. Eisler and D. Noveck},
        Days = 15,
        Institution = {Internet Engineering Task Force},
        Month = apr,
        Number = 3530,
        Title = {{Network File System (NFS) version 4 Protocol}},
        Type = {RFC},
        Url = {http://www.rfc-editor.org/rfc/rfc3530.txt},
        Year = 2003,
        Bdsk-Url-1 = {http://www.rfc-editor.org/rfc/rfc3530.txt}}

@techreport{rfc1813,
        Author = {B. Callaghan and B. Pawlowski and P. Staubach},
        Days = 15,
        Institution = {Internet Engineering Task Force},
        Month = jun,
        Number = 1813,
        Title = {{NFS Version 3 Protocol Specification}},
        Type = {RFC},
        Url = {http://www.rfc-editor.org/rfc/rfc1813.txt},
        Year = 1995,
        Bdsk-Url-1 = {http://www.rfc-editor.org/rfc/rfc1813.txt}}

@techreport{unionfs04,
        Author = {Charles P. Wright and Jay Dave and Puja Gupta and Harikesavan Krishnan and Erez Zadok and Mohammad Nayyer Zubair},
        Date-Added = {2011-10-17 17:17:03 +0200},
        Date-Modified = {2011-10-17 17:18:42 +0200},
        Institution = {Stony Brook University},
        Number = {FSL-04-01b},
        Title = {Versatility and Unix Semantics in a Fan-Out Unification File System},
        Year = {2004},
}

@misc{fuse,
	Author = {Csaba Henk and Miklos Szeredi},
	Howpublished = {\url{http://fuse.sourceforge.net}},
	Title = {{Filesystem in Userspace (FUSE)}}}

@misc{aufs,
	Author = {Junjiro R. Okajima},
	Howpublished = {\url{http://aufs.sourceforge.net/}},
	Title = {{Aufs - Advanced multi ayered Unification FileSystem}}}

@article{parrot05,
	Author = {Douglas Thain and Miron Livny},
	Journal = {Scalable Computing: Practice and Experience},
	Month = {18},
	Number = {3},
	Pages = {9},
	Title = {{Parrot:} An Application Environment for Data-Intensive Computing},
	Volume = {6},
	Year = {2005}}


@article{growfs09,
	Author = {Compostella, G. and S. Pagan Griso and D. Lucchesi and I. Sfiligoi and D. Thain},
	Journal = {Journal of Physics: Conference Series},
	Title = {{CDF software distribution on the Grid using Parrot}},
	Volume = {219},
	Year = {2010}}


@inproceedings{lustre03,
	Author = {Philip Schwan},
	Booktitle = {Proc. of the 2003 Linux Symposium},
	Pages = {380-386},
	Title = {{Lustre}: Building a File System for 1,000-node Clusters},
	Year = {2003}}


@techreport{rfc1035,
	Author = {P.V. Mockapetris},
	Institution = {Internet Engineering Task Force},
	Month = nov,
	Number = 1035,
	Title = {{Domain names - implementation and specification}},
	Type = {RFC},
	Year = 1987}


@mastersthesis{redirfs05,
	Author = {Frantisek Hrbata},
	School = {Brno University of Technology},
	Title = {Callback Framework for {VFS} layer},
	Year = {2005}}


@misc{sqlite,
	Author = {Richard Hipp and others},
	Howpublished = {\url{http://www.sqlite.org}},
	Title = {{SQLite}}}


@misc{openssl,
	Author = {{The OpenSSL Software Foundation}},
	Howpublished = {\url{http://www.openssl.org/docs/crypto/crypto.html}},
	Title = {{OpenSSL}}}


@techreport{rfc2616,
	Author = {R. Fielding and J. Gettys and J. Mogul and H. Frystyk and L. Masinter and P. Leach and T. Berners-Lee},
	Institution = {Internet Engineering Task Force},
	Month = jun,
	Number = 2616,
	Title = {{Hypertext Transfer Protocol -- HTTP/1.1}},
	Type = {RFC},
	Year = 1999}


@techreport{rfc1945,
	Author = {T. Berners-Lee and R. Fielding and H. Frystyk},
	Institution = {Internet Engineering Task Force},
	Month = may,
	Number = 1945,
	Title = {{Hypertext Transfer Protocol -- HTTP/1.0}},
	Type = {RFC},
	Year = 1996}


@misc{libcurl,
	Author = {{Daniel Stenberg et al.}},
	Howpublished = {\url{http://curl.haxx.se/libcurl}},
	Title = {{libcurl}}}


@article{lru06,
	Author = {Konstantinos Panagiotou and Alexander Souza},
	Journal = {Annual ACM Symposium on Theory Of Computing},
	Pages = {487-496},
	Title = {On Adequate Performance Measures for Paging},
	Volume = {38},
	Year = {2006}}


@book{multicore06,
	Author = {Shameem Akhter and Jason Roberts},
	Publisher = {Intel Press},
	Title = {Multi-Core Programming},
	Year = {2006}}


@misc{callgrind,
	Author = {Josef Weidendorfer},
	Howpublished = {\url{http://valgrind.org/info/tools.html#callgrind}},
	Title = {Callgrind}}


@inproceedings{sysfs05,
	Author = {Patrick Mochel},
	Booktitle = {Proc. of the Annual Linux Symposium},
	Title = {The sysfs Filesystem},
	Year = {2005}}

